<record><leader>00000cas a2200000 a 4500</leader><controlfield tag="001">18307685</controlfield><controlfield tag="008">880803d19181919wauwr ne      0    0eng d</controlfield><datafield ind1=" " ind2=" " tag="010"><subfield code="a">sn 88085858 </subfield></datafield><datafield ind1=" " ind2=" " tag="040"><subfield code="a">SLZ</subfield><subfield code="b">eng</subfield><subfield code="c">SLZ</subfield><subfield code="d">OCL</subfield><subfield code="d">OCLCQ</subfield><subfield code="d">OCLCO</subfield></datafield><datafield ind1=" " ind2=" " tag="042"><subfield code="a">msc</subfield></datafield><datafield ind1=" " ind2=" " tag="043"><subfield code="a">n-us-wa</subfield></datafield><datafield ind1="0" ind2=" " tag="130"><subfield code="a">Periscope (Bremerton, Wash.)</subfield></datafield><datafield ind1="1" ind2="4" tag="245"><subfield code="a">The periscope.</subfield></datafield><datafield ind1=" " ind2=" " tag="260"><subfield code="a">Puget Sound [Bremerton], Wash. :</subfield><subfield code="b">By the Men of the Receiving Ship Training Camp</subfield></datafield><datafield ind1=" " ind2=" " tag="300"><subfield code="a">v.</subfield></datafield><datafield ind1=" " ind2=" " tag="310"><subfield code="a">Weekly</subfield></datafield><datafield ind1="1" ind2=" " tag="362"><subfield code="a">Began in 1918.</subfield></datafield><datafield ind1=" " ind2=" " tag="500"><subfield code="a">Published weekly in the interest of the enlisted men and women of the camp and Navy Yard.</subfield></datafield><datafield ind1=" " ind2=" " tag="588"><subfield code="a">Description based on: Vol. 1, no. 27 (Jan. 17, 1919).</subfield></datafield><datafield ind1=" " ind2="0" tag="651"><subfield code="a">Naval Training Camp (Wash.)</subfield><subfield code="v">Newspapers.</subfield></datafield><datafield ind1=" " ind2="0" tag="651"><subfield code="a">Bremerton (Wash.)</subfield><subfield code="v">Newspapers.</subfield></datafield><datafield ind1=" " ind2=" " tag="752"><subfield code="a">United States</subfield><subfield code="b">Washington</subfield><subfield code="c">Kitsap</subfield><subfield code="d">Bremerton.</subfield></datafield></record>